@inproceedings{beowulf,
  title={BEOWULF: A parallel workstation for scientific computation},
  author={Becker, Donald J and Sterling, Thomas and Savarese, Daniel and Dorband, John E and Ranawak, Udaya A and Packer, Charles V},
  booktitle={Proceedings, International Conference on Parallel Processing},
  volume={95},
  year={1995}
}

@article{gpgpu,
  title={{GPGPU}: General-purpose computation on {GPUs}},
  author={Harris, Mark},
  journal={SIGGRAPH 2005 GPGPU COURSE},
  year={2005}
}

@article{gpu_computing,
  title={{GPU} computing},
  author={Owens, John D and Houston, Mike and Luebke, David and Green, Simon and Stone, John E and Phillips, James C},
  journal={Proceedings of the IEEE},
  volume={96},
  number={5},
  pages={879--899},
  year={2008},
  publisher={IEEE}
}

@inproceedings{mpi_cuda,
  title={An {MPI-CUDA} implementation for massively parallel incompressible flow computations on multi-{GPU} clusters},
  author={Jacobsen, Dana A and Thibault, Julien C and Senocak, Inanc},
  booktitle={48th AIAA Aerospace Sciences Meeting and Exhibit},
  volume={16},
  year={2010}
}

@article{multicore,
	title={Chip makers turn to multicore processors},
	author={Geer, David},
	journal={Computer},
	volume={38},
	number={5},
	pages={11--13},
	year={2005},
	publisher={IEEE}
}

@misc{nvidia_best_practices,
  author={NVIDIA},
  title={{CUDA C} Best Practices Guide},
  month=July,
  year=2013,
  note="\url{http://docs.nvidia.com/cuda/pdf/CUDA_C_Best_Practices_Guide.pdf}"
}

@misc{nvidia_cuda_guide,
  author={NVIDIA},
  title={{CUDA C} Programming Guide},
  month=July,
  year=2013,
  note="\url{http://docs.nvidia.com/cuda/pdf/CUDA_C_Programming_Guide.pdf}"
}

@article{titan_supercomputer,
  title={Inside the Titan Supercomputer: 299K {AMD} x86 Cores and 18.6K {NVIDIA GPUs}},
  author={Shimpi, Anand Lal},
  journal={AnandTech online computer hardware magazine, October},
  year={2012}
}

%unorganized references
@article{scalapack,
  title={A proposal for a heterogeneous cluster {ScaLAPACK} (dense linear solvers)},
  author={Beaumont, Olivier and Boudet, Vincent and Petitet, Antoine and Rastello, Fabrice and Robert, Yves},
  journal={Computers, IEEE Transactions on},
  volume={50},
  number={10},
  pages={1052--1070},
  year={2001},
  publisher={IEEE}
}

@inproceedings{axel,
  title={Axel: a heterogeneous cluster with {FPGAs} and {GPUs}},
  author={Tsoi, Kuen Hung and Luk, Wayne},
  booktitle={Proceedings of the 18th annual ACM/SIGDA international symposium on Field programmable gate arrays},
  pages={115--124},
  year={2010},
  organization={ACM}
}

@inproceedings{linear_algebra,
  title={Linear algebra algorithms in a heterogeneous cluster of personal computers},
  author={Barbosa, J and Tavares, Jo{\~a}o and Padilha, Armando J},
  booktitle={Heterogeneous Computing Workshop, 2000.(HCW 2000) Proceedings. 9th},
  pages={147--159},
  year={2000},
  organization={IEEE}
}

@article{resource_aware,
  title={Resource-aware scientific computation on a heterogeneous cluster},
  author={Teresco, James D and Fair, J and Flaherty, Joseph E},
  journal={Computing in science \& engineering},
  volume={7},
  number={2},
  pages={40--50},
  year={2005},
  publisher={IEEE}
}

@inproceedings{cl_cluster,
  title={A package for {OpenCL} based heterogeneous computing on clusters with many {GPU} devices},
  author={Barak, Amnon and Ben-Nun, Tal and Levy, Ely and Shiloh, Amnon},
  booktitle={Cluster Computing Workshops and Posters (CLUSTER WORKSHOPS), 2010 IEEE International Conference on},
  pages={1--7},
  year={2010},
  organization={IEEE}
}

@inproceedings{qp,
  title={{QP}: a heterogeneous multi-accelerator cluster},
  author={Showerman, Michael and Enos, Jeremy and Pant, Avneesh and Kindratenko, Volodymyr and Steffen, Craig and Pennington, Robert and Hwu, Wen-mei},
  booktitle={Proc. 10th LCI International Conference on High-Performance Clustered Computing},
  year={2009}
}

@article{keeneland,
  title={Keeneland: Bringing Heterogeneous {GPU} Computing to the Computational Science Community},
  author={Vetter, Jeffrey S and Glassbrook, Richard and Dongarra, Jack and Schwan, Karsten and Loftis, Bruce and McNally, Stephen and Meredith, Jeremy and Rogers, James and Roth, Philip and Spafford, Kyle and others},
  journal={Computing in Science \& Engineering},
  pages={90--95},
  year={2011},
  publisher={IEEE Computer Society}
}

@article{openmp,
  title={{OpenMP}: an industry standard API for shared-memory programming},
  author={Dagum, Leonardo and Menon, Ramesh},
  journal={Computational Science \& Engineering, IEEE},
  volume={5},
  number={1},
  pages={46--55},
  year={1998},
  publisher={IEEE}
}

@article{mp_to_gpu,
  title={{OpenMP} to {GPGPU}: a compiler framework for automatic translation and optimization},
  author={Lee, Seyong and Min, Seung-Jai and Eigenmann, Rudolf},
  journal={ACM Sigplan Notices},
  volume={44},
  number={4},
  pages={101--110},
  year={2009},
  publisher={ACM}
}

@article{mpi_design,
    title={The design of a standard message passing interface for distributed memory concurrent computers},
    author={Walker, David W},
    journal={Parallel Computing},
    volume={20},
    number={4},
    pages={657--673},
    year={1994},
    publisher={Elsevier}
}

@inproceedings{mpi2,
  title={{MPI-2}: Extending the message-passing interface},
  author={Geist, Al and Gropp, William and Huss-Lederman, Steve and Lumsdaine, Andrew and Lusk, Ewing and Saphir, William and Skjellum, Tony and Snir, Marc},
  booktitle={Euro-Par'96 Parallel Processing},
  pages={128--135},
  year={1996},
  organization={Springer}
}

@mastersthesis{gpu_fire,
  title={Wildfire Simulation on the {GPU}},
  author={Hoang, Roger Viet},
  year={2008},
  school={University of Nevada, Reno}
}

@inproceedings{multi_gpu_izh,
  title={A Novel Multi-{GPU} Neural Simulator.},
  author={Thibeault, Corey M and Hoang, Roger V and Harris Jr, Frederick C},
  booktitle={BICoB},
  pages={146--151},
  year={2011}
}

@article{gpu_nbody,
  title={N-body simulations on {GPU}s},
  author={Elsen, Erich and Vishal, Vaidyanathan and Houston, Mike and Pande, Vijay and Hanrahan, Pat and Darve, Eric},
  journal={arXiv preprint arXiv:0706.3060},
  year={2007}
}

@inproceedings{graphics_stream,
  title={The graphics card as a stream computer},
  author={Venkatasubramanian, Suresh},
  booktitle={SIGMOD-DIMACS workshop on management and processing of data streams},
  volume={101},
  pages={102},
  year={2003}
}

@article{neuron_messages,
  title={Efficiently passing messages in distributed spiking neural network simulation},
  author={Thibeault, Corey M and Minkovich, Kirill and O'Brien, Michael J and Harris Jr, Frederick C and Srinivasa, Narayan},
  journal={Frontiers in Computational Neuroscience},
  volume={7},
  year={2013},
  publisher={Frontiers Media SA}
}

@book{angel_graphics,
  title={Interactive computer graphics},
  author={Angel, Edward},
  year={2006},
  publisher={Addison-Wesley Longman Publishing Co., Inc.}
}

@techreport{opengl,
  author = {Mark Segal and Kurt Akeley},
  title = {The design of the {OpenGL} graphics interface},
  institution = {Silicon Graphics Computer Systems},
  year = {1994}
}

@article{physx, 
  author={Geer, David}, 
  journal={Computer}, 
  title={Vendors Upgrade Their Physics Processing to Improve Gaming}, 
  year={2006}, 
  volume={39}, 
  number={8}, 
  pages={22-24}, 
  doi={10.1109/MC.2006.284}, 
  ISSN={0018-9162},
}

@article{asm_shaders,
  title={Benchmarking and implementation of probability-based simulations on programmable graphics cards},
  author={Tomov, Stanimire and McGuigan, Michael and Bennett, Robert and Smith, Gordon and Spiletic, John},
  journal={Computers \& Graphics},
  volume={29},
  number={1},
  pages={71--80},
  year={2005},
  publisher={Elsevier}
}

@inproceedings{direct3d,
  author = {Blythe, David},
  title = {The {Direct3D} 10 System},
  booktitle = {ACM SIGGRAPH 2006 Papers},
  series = {SIGGRAPH '06},
  year = {2006},
  isbn = {1-59593-364-6},
  location = {Boston, Massachusetts},
  pages = {724--734},
  numpages = {11},
  url = {http://doi.acm.org/10.1145/1179352.1141947},
  doi = {10.1145/1179352.1141947},
  acmid = {1141947},
  publisher = {ACM},
  address = {New York, NY, USA},
  keywords = {graphics systems, programmable graphics hardware, programmable shading},
} 

@article{pynest,
  title={{PyNEST}: a convenient interface to the {NEST} simulator},
  author={Eppler, Jochen Martin and Helias, Moritz and Muller, Eilif and Diesmann, Markus and Gewaltig, Marc-Oliver},
  journal={Frontiers in neuroinformatics},
  volume={2},
  year={2008},
  publisher={Frontiers Research Foundation}
}

@misc{glsl,
		author = {Gold Standard Group},
		title = {{OpenGL Shading Language}},
		howpublished = {\url{http://www.opengl.org/documentation/glsl/}},
		note = {Accessed January 16th, 2014}
}

@misc{hlsl,
		author = {Microsoft},
		title = {{HLSL}},
		howpublished = {\url{http://msdn.microsoft.com/en-us/library/windows/desktop/bb509561(v=vs.85).aspx}},
		note = {Accessed January 16th, 2014}
}

@inproceedings{cg,
  title={Cg: a system for programming graphics hardware in a {C}-like language},
  author={Mark, William R and Glanville, R Steven and Akeley, Kurt and Kilgard, Mark J},
  booktitle={ACM Transactions on Graphics (TOG)},
  volume={22},
  number={3},
  pages={896--907},
  year={2003},
  organization={ACM}
}

@inproceedings{framebuffer_object,
  title={The {OpenGL} framebuffer object extension},
  author={Green, Simon},
  booktitle={Game Developers Conference},
  volume={2005},
  year={2005}
}

@misc{geometry_shader,
	Author = {{Nvidia Corporation}},
	howpublished = {\url{http://developer.download.nvidia.com/opengl/specs/GL_EXT_geometry_shader4.txt}},
	title = {{OpenGL} Geometry Shader Extension},
	note = {Accessed December 16th, 2014}
}

@inproceedings{million_particle,
		Author = {Lutz Lata},
		Booktitle = {Proceedings of the Game Developers Conference 2004},
		Title = {Building a million particle system},
		Year = {2004},
		pages = {54-60}
}

@misc{transform_feedback,
	Author = {{Nvidia Corporation}},
	howpublished = {\url{http://developer.download.nvidia.com/opengl/specs/GL_NV_transform_feedback.txt}},
	title = {{OpenGL} Transform Feedback Extension},
	note = {Accessed December 17th, 2014}
}

@inproceedings{3d_fluids,
  title={Real-time {3D} fluid simulation on {GPU} with complex obstacles},
  author={Liu, Youquan and Liu, Xuehui and Wu, Enhua},
  booktitle={Computer Graphics and Applications, 2004. PG 2004. Proceedings. 12th Pacific Conference on},
  pages={247--256},
  year={2004},
  organization={IEEE}
}

@article{crane_fluids,
  title={Real-time simulation and rendering of {3d} fluids},
  author={Crane, Keenan and Llamas, Ignacio and Tariq, Sarah},
  journal={GPU Gems},
  volume={3},
  number={1},
  year={2007}
}

@article{vfire,
  title={VFire: Immersive wildfire simulation and visualization},
  author={Hoang, Roger V and Sgambati, Matthew R and Brown, Timothy J and Coming, Daniel S and Harris Jr, Frederick C},
  journal={Computers \& Graphics},
  volume={34},
  number={6},
  pages={655--664},
  year={2010},
  publisher={Pergamon}
}

@inproceedings{brook,
  title={Brook for {GPUs}: stream computing on graphics hardware},
  author={Buck, Ian and Foley, Tim and Horn, Daniel and Sugerman, Jeremy and Fatahalian, Kayvon and Houston, Mike and Hanrahan, Pat},
  booktitle={ACM Transactions on Graphics (TOG)},
  volume={23},
  number={3},
  pages={777--786},
  year={2004},
  organization={ACM}
}

@inproceedings{brook_raytracer,
  title={Interactive kd tree {GPU} raytracing},
  author={Horn, Daniel Reiter and Sugerman, Jeremy and Houston, Mike and Hanrahan, Pat},
  booktitle={Proceedings of the 2007 symposium on Interactive 3D graphics and games},
  pages={167--174},
  year={2007},
  organization={ACM}
}
@inproceedings{cuda_g80,
  title={{NVIDIA CUDA} software and {GPU} parallel computing architecture},
  author={Kirk, David},
  booktitle={ISMM},
  volume={7},
  pages={103--104},
  year={2007}
}

@article{opencl,
  title={{OpenCL}: A parallel programming standard for heterogeneous computing systems},
  author={Stone, John E and Gohara, David and Shi, Guochun},
  journal={Computing in science \& engineering},
  volume={12},
  number={3},
  pages={66},
  year={2010},
  publisher={NIH Public Access}
}

@article{reconfigurable_survey,
  title={Reconfigurable computing: a survey of systems and software},
  author={Compton, Katherine and Hauck, Scott},
  journal={ACM Computing Surveys (csuR)},
  volume={34},
  number={2},
  pages={171--210},
  year={2002},
  publisher={ACM}
}

@inproceedings{reconfigurable_tutorial,
  title={Reconfigurable computing: what, why, and implications for design automation},
  author={DeHon, Andr{\'e} and Wawrzynek, John},
  booktitle={Proceedings of the 36th annual ACM/IEEE Design Automation Conference},
  pages={610--615},
  year={1999},
  organization={ACM}
}

@inproceedings{reconfigurable_decade,
  title={A decade of reconfigurable computing: a visionary retrospective},
  author={Hartenstein, Reiner},
  booktitle={Proceedings of the conference on Design, automation and test in Europe},
  pages={642--649},
  year={2001},
  organization={IEEE Press}
}

@article{reconfigurable_arch,
  title={Reconfigurable computing: architectures and design methods},
  author={Todman, Timothy J and Constantinides, George A and Wilton, Steven JE and Mencer, Oskar and Luk, Wayne and Cheung, Peter YK},
  journal={IEE Proceedings-Computers and Digital Techniques},
  volume={152},
  number={2},
  pages={193--207},
  year={2005},
  publisher={IET}
}

@misc{gtx780,
		author = {Nvidia},
		title = {{GeForce GTX 780}},
		howpublished = {\url{http://www.geforce.com/hardware/desktop-gpus/geforce-gtx-780/specifications}},
		note = {Accessed January 21st, 2014}
}

@article{g80_brief,
  title={8800 {GPU} architecture overview},
  author={GeForce, NVIDIA},
  journal={Technical Brief TB-02787-001 v0},
  volume={9},
  year={2006}
}

@article{free_lunch,
  title={The free lunch is over: A fundamental turn toward concurrency in software},
  author={Sutter, Herb},
  journal={Dr. Dobb’s Journal},
  volume={30},
  number={3},
  pages={202--210},
  year={2005}
}

@article{sm_sync,
  title={Algorithms for scalable synchronization on shared-memory multiprocessors},
  author={Mellor-Crummey, John M and Scott, Michael L},
  journal={ACM Transactions on Computer Systems (TOCS)},
  volume={9},
  number={1},
  pages={21--65},
  year={1991},
  publisher={ACM}
}

@article{sm_algorithms,
  title={A survey of parallel algorithms for shared-memory machines},
  author={Karp, Richard M},
  year={1988},
  publisher={University of California at Berkeley}
}

@article{sm_consistency,
  title={Shared memory consistency models: A tutorial},
  author={Adve, Sarita V and Gharachorloo, Kourosh},
  journal={Computer},
  volume={29},
  number={12},
  pages={66--76},
  year={1996},
  publisher={IEEE}
}

@article{cluster_computing,
  title={Cluster computing at a glance},
  author={Bakery, Mark and Buyyaz, Rajkumar},
  journal={High Performance Cluster Computing: Architectures and System. Upper Saddle River, NJ: Prentice-Hall},
  pages={3--47},
  year={1999}
}

@article{berkeley_now,
  title={A case for {NOW} (networks of workstations)},
  author={Anderson, Thomas E and Culler, David E and Patterson, David},
  journal={Micro, IEEE},
  volume={15},
  number={1},
  pages={54--64},
  year={1995},
  publisher={IEEE}
}

@article{dsm,
  title={Distributed shared memory: Concepts and systems},
  author={Protic, Jelica and Tomasevic, Milo and Milutinovic, Veljko},
  journal={Parallel \& Distributed Technology: Systems \& Applications, IEEE},
  volume={4},
  number={2},
  pages={63--71},
  year={1996},
  publisher={IEEE}
}

@article{dsm_survey,
  title={Distributed shared memory: A survey of issues and algorithms},
  author={Nitzberg, Bill and Lo, Virginia},
  journal={Computer},
  volume={24},
  number={8},
  pages={52--60},
  year={1991},
  publisher={IEEE}
}

@inproceedings{ocelot,
  title={Ocelot: a dynamic optimization framework for bulk-synchronous applications in heterogeneous systems},
  author={Diamos, Gregory Frederick and Kerr, Andrew Robert and Yalamanchili, Sudhakar and Clark, Nathan},
  booktitle={Proceedings of the 19th international conference on Parallel architectures and compilation techniques},
  pages={353--364},
  year={2010},
  organization={ACM}
}

%VR

@article{rist,
  title={{RIST}: Radiological Immersive Survey Training for two simultaneous users},
  author={Koepnick, Steven and Hoang, Roger V and Sgambati, Matthew R and Coming, Daniel S and Suma, Evan A and Sherman, William R},
  journal={Computers \& Graphics},
  volume={34},
  number={6},
  pages={665--676},
  year={2010},
  publisher={Elsevier}
}

@misc{freevr,
  title={{FreeVR}},
  author={Sherman, William R},
  year={2005}
}

@incollection{vrui,
  title={Environment-independent {VR} development},
  author={Kreylos, Oliver},
  booktitle={Advances in Visual Computing},
  pages={901--912},
  year={2008},
  publisher={Springer}
}

@article{global_illumination,
  title={Exploring global illumination for virtual reality},
  author={Hoang, Roger and Koepnick, Steve and Mahsman, Joseph D and Sgambati, Matthew and White, Cody J and Coming, Daniel S},
  journal={ACM SIGGRAPH 2010 Posters},
  pages={125},
  year={2010},
  publisher={ACM}
}

%NCS

@article{frontiers_ncs,
  title={A novel CPU/GPU simulation environment for large-scale biologically realistic neural modeling},
  author={Hoang, Roger V and Tanna, Devyani and Bray, Laurence C Jayet and Dascalu, Sergiu M and Harris Jr, Frederick C},
  journal={Frontiers in neuroinformatics},
  volume={7},
  year={2013},
  publisher={Frontiers Media SA}
}
